@inproceedings{ding2017multiresolution,
  title={Multiresolution kernel approximation for Gaussian process regression},
  author={Ding, Yi and Kondor, Risi and Eskreis-Winkler, Jonathan},
  booktitle={Advances in Neural Information Processing Systems},
  pages={3740--3748},
  year={2017}
}

@inproceedings{kondor2014multiresolution,
  title={Multiresolution matrix factorization},
  author={Kondor, Risi and Teneva, Nedelina and Garg, Vikas},
  booktitle={International Conference on Machine Learning},
  pages={1620--1628},
  year={2014}
}